@manual{Anleitung,
  author = {TU Dortmund},
  title = {V01 Lebensdauer von Myonen},
  year = 2014
}
