@manual{Anleitung,
  author = {TU Dortmund},
  title = {Versuch zum Literaturverzeichnis},
  year = 2014
}
@manual{Caesium,
url = {http://enacademic.com/pictures/enwiki/67/Caesium-137_gamma_ray_NaI_scintillator_spectrum.jpg}
}
@manual{rontgen,
url = {https://www.lernhelfer.de/schuelerlexikon/physik-abitur/artikel/roentgenstrahlung-entstehung-eigenschaften-anwendungen}
}
