@manual{Anleitung,
  author = {TU Dortmund},
  title = {V48 Dipolrelaxation},
  year = 2014,
  url = http://129.217.224.2/HOMEPAGE/Anleitung_FPBSc.html
}
