@manual{Anleitung,
  author = {TU Dortmund},
  title = {Versuch zum Literaturverzeichnis},
  year = 2014
}
@manual{1,
author = {Helmholtz Centre Potsdam},
url = {http://isdc.gfz-potsdam.de/geomagnetism/igrf-declination-calculator/}
}
@manual{2,
author = {Chemgapedia},
url = {http://www.chemgapedia.de/vsengine/vlu/vsc/de/ch/11/aac/vorlesung/kap_3/vlu/elemente.vlu/Page/vsc/de/ch/11/aac/vorlesung/kap_3/pse/datenblaetter/element_rb.vscml.html}
}
